@article{bailey2023critical,
      title={Critical drift estimates for the frog model on trees}, 
      author={Emma Bailey and Matthew Junge and Jiaqi Liu},
      year={2023},
      eprint={2303.15517},
      archivePrefix={arXiv},
      %journal={arXiv:2303.15517},
      %primaryClass={math.PR}
}

@article{dobler2018reccurence,
author = {Christian D{\"o}bler and Nina Gantert and Thomas H{\"o}felsauer and Serguei Popov and Felizitas Weidner},
title = {{Recurrence and transience of frogs with drift on $\mathbb{Z} ^d$}},
volume = {23},
journal = {Electronic Journal of Probability},
publisher = {Institute of Mathematical Statistics and Bernoulli Society},
pages = {1 -- 23},
keywords = {Branching random walk, frog model, Interacting random walks, percolation, recurrence, transience},
year = {2018},
doi = {10.1214/18-EJP216},
URL = {https://doi.org/10.1214/18-EJP216}
}



@article{fontes2004critical,
  title={The critical probability for the frog model is not a monotonic function of the graph},
  author={Fontes, Luiz Renato and Machado, F{\'a}bio Prates and Sarkar, Anish},
  journal={Journal of applied probability},
  volume={41},
  number={1},
  pages={292--298},
  year={2004},
  publisher={Cambridge University Press}
}

@article{lebensztayn2005improved,
  title={An improved upper bound for the critical probability of the frog model on homogeneous trees},
  author={Lebensztayn, {\'E}lcio and Machado, F{\'a}bio P and Popov, Serguei},
  journal={Journal of statistical physics},
  volume={119},
  pages={331--345},
  year={2005},
  publisher={Springer}
}

@article{machado2001recurrence,
  title={Recurrence and transience of multitype branching random walks},
  author={Machado, F{\'a}bio Prates and Menshikov, Mikhail Vasil'evich and Popov, S Yu},
  journal={Stochastic processes and their applications},
  volume={91},
  number={1},
  pages={21--37},
  year={2001},
  publisher={Elsevier}
}

@article{junge2022stochastic,
  title={A stochastic combustion model with thresholds on trees},
  author={Junge, Matthew and McDonald, Zoe and Pulla, Jean and Reeves, Lily},
  journal={arXiv:2209.08107},
  year={2022}
}

@article{borges2018bacteriophage,
  title={Bacteriophage cooperation suppresses CRISPR-Cas3 and Cas9 immunity},
  author={Borges, Adair L and Zhang, Jenny Y and Rollins, MaryClare F and Osuna, Beatriz A and Wiedenheft, Blake and Bondy-Denomy, Joseph},
  journal={Cell},
  volume={174},
  number={4},
  pages={917--925},
  year={2018},
  publisher={Elsevier}
}

@article{landsberger2018anti,
  title={Anti-CRISPR phages cooperate to overcome CRISPR-Cas immunity},
  author={Landsberger, Mariann and Gandon, Sylvain and Meaden, Sean and Rollie, Clare and Chevallereau, Anne and Chabas, H{\'e}l{\`e}ne and Buckling, Angus and Westra, Edze R and van Houte, Stineke},
  journal={Cell},
  volume={174},
  number={4},
  pages={908--916},
  year={2018},
  publisher={Elsevier}
}

@article{brouard2022invasion,
      title={Invasion of cooperative parasites in moderately structured host populations}, 
      author={Vianney Brouard and Cornelia Pokalyuk},
      year={2022},
      eprint={2201.02249},
      archivePrefix={arXiv: 2201.02249},
      primaryClass={q-bio.PE}
}

@article{hermon2018frogs,
  title={Frogs on trees?},
  author={Hermon, Jonathan},
  journal={Electronic Journal of Probability},
  volume={23},
  pages={1--40},
  year={2018},
  publisher={Institute of Mathematical Statistics and Bernoulli Society}
}

@article{michelen2019frog,
  title={The frog model on {G}alton-{W}atson trees},
  author={Michelen, Marcus and Rosenberg, Josh},
  journal={arXiv preprint arXiv:1910.02367},
  year={2019}
}

@article{guo2022minimal,
  title={On the minimal drift for recurrence in the frog model on $d$-ary trees},
  author={Guo, Chengkun and Tang, Si and Wei, Ningxi},
  journal={The Annals of Applied Probability},
  volume={32},
  number={4},
  pages={3004--3026},
  year={2022},
  publisher={Institute of Mathematical Statistics}
}


@article{johnson2019sensitivity,
  title={Sensitivity of the frog model to initial conditions},
  author={Johnson, Tobias and Rolla, Leonardo T},
  journal={Electronic Communications in Probability},
  volume={24},
  pages={1--9},
  year={2019},
  publisher={Institute of Mathematical Statistics and Bernoulli Society}
}

@book{durrett2019probability,
  title={Probability: theory and examples},
  author={Durrett, Rick},
  volume={49},
  year={2019},
  publisher={Cambridge university press}
}

@article{johnson2018stochastic,
  title={Stochastic orders and the frog model},
  author={Johnson, Tobias and Junge, Matthew},
  journal={Annales de l'Institut Henri Poincar{\'e}, Probabilit{\'e}s et Statistiques},
  volume={54},
  number={2},
  pages={1013--1030},
  year={2018},
  organization={Institut Henri Poincar{\'e}}
}

@article{misra2003stochastic,
  title={Stochastic comparisons of {P}oisson and binomial random variables with their mixtures},
  author={Misra, Neeraj and Singh, Harshinder and Harner, E James},
  journal={Statistics \& probability letters},
  volume={65},
  number={4},
  pages={279--290},
  year={2003},
  publisher={Elsevier}
}

@article{popov2001frogs,
  title={Frogs in random environment},
  author={Popov, S Yu},
  journal={Journal of Statistical Physics},
  volume={102},
  number={1},
  pages={191--201},
  year={2001},
  publisher={Springer}
}


@article{lebensztayn2019new,
  title={A new upper bound for the critical probability of the frog model on homogeneous trees},
  author={Lebensztayn, Elcio and Utria, Jaime},
  journal={Journal of Statistical Physics},
  volume={176},
  number={1},
  pages={169--179},
  year={2019},
  publisher={Springer}
}

@article{hoffman2019infection,
  title={Infection spread for the frog model on trees},
  author={Hoffman, Christopher and Johnson, Tobias and Junge, Matthew},
  journal={Electronic Journal of Probability},
  volume={24},
  pages={1--29},
  year={2019},
  publisher={Institute of Mathematical Statistics and Bernoulli Society}
}

@article{gantert2009recurrence,
  title={Recurrence for the frog model with drift on $\mathbb{Z}$},
  author={Gantert, Nina and Schmidt, Philipp},
  journal={Markov Process. Related Fields},
  volume={15},
  number={1},
  pages={51--58},
  year={2009}
}

@inproceedings{popov2003frogs,
  title={Frogs and some other interacting random walks models},
  author={Popov, Serguei Yu},
  year={2003}
}

@article{beckman2018asymptotic,
  title={Asymptotic behavior of the {B}rownian frog model},
  author={Beckman, Erin and Dinan, Emily and Durrett, Rick and Huo, Ran and Junge, Matthew},
  journal={Electronic Journal of Probability},
  volume={23},
  pages={1--19},
  year={2018},
  publisher={Institute of Mathematical Statistics and Bernoulli Society}
}

@article{beckman2019frog,
  title={The frog model on trees with drift},
  author={Beckman, Erin and Frank, Natalie and Jiang, Yufeng and Junge, Matthew and Tang, Si},
  journal={Electronic Communications in Probability},
  volume={24},
  pages={1--10},
  year={2019},
  publisher={Institute of Mathematical Statistics and Bernoulli Society}
}



@article{hoffman2016transience,
  title={From transience to recurrence with {P}oisson tree frogs},
  author={Hoffman, Christopher and Johnson, Tobias and Junge, Matthew},
  journal={The Annals of Applied Probability},
  volume={26},
  number={3},
  pages={1620--1635},
  year={2016},
  publisher={Institute of Mathematical Statistics}
}

@article{johnson2016critical,
  title={The critical density for the frog model is the degree of the tree},
  author={Johnson, Tobias and Junge, Matthew},
  journal={Electronic Communications in Probability},
  volume={21},
  pages={1--12},
  year={2016},
  publisher={Institute of Mathematical Statistics and Bernoulli Society}
}

@article{alves2002phase,
  title={Phase transition for the frog model},
  author={Alves, Oswaldo and Machado, Fabio and Popov, Serguei},
  journal={Electronic Journal of Probability},
  volume={7},
  pages={1--21},
  year={2002},
  publisher={Institute of Mathematical Statistics and Bernoulli Society}
}

@article{roy2021coexistence,
  title={Coexistence in discrete time multi-type competing frog models},
  author={Roy, Rishideep and Saha, Kumarjit},
  journal={Electronic Communications in Probability},
  volume={26},
  pages={1--9},
  year={2021},
  publisher={Institute of Mathematical Statistics and Bernoulli Society}
}

@article{deijfen2019competing,
  title={Competing frogs on $\mathbb{Z}^d$},
  author={Deijfen, Maria and Hirscher, Timo and Lopes, Fabio},
  journal={Electronic Journal of Probability},
  volume={24},
  pages={1--17},
  year={2019},
  publisher={Institute of Mathematical Statistics and Bernoulli Society}
}

@article{junge2020critical,
  title={Critical Percolation and ${A + B \to 2 A}$ Dynamics},
  author={Junge, Matthew},
  journal={Journal of Statistical Physics},
  volume={181},
  number={2},
  pages={738--751},
  year={2020},
  publisher={Springer}
}

@article{hoffman2017recurrence,
  title={Recurrence and transience for the frog model on trees},
  author={Hoffman, Christopher and Johnson, Tobias and Junge, Matthew},
  journal={The Annals of Probability},
  volume={45},
  number={5},
  pages={2826--2854},
  year={2017},
  publisher={Institute of Mathematical Statistics}
}

@article{telcs1999branching,
  title={Branching and tree indexed random walks on fractals},
  author={Telcs, Andr{\'a}s and Wormald, Nicholas},
  journal={Journal of applied probability},
  volume={36},
  number={4},
  pages={999--1011},
  year={1999},
  publisher={Cambridge University Press}
}

@article{alves2002shape,
  title={The shape theorem for the frog model},
  author={Alves, Oswaldo SM and Machado, Fabio P and Popov, S Yu},
  journal={The Annals of Applied Probability},
  volume={12},
  number={2},
  pages={533--546},
  year={2002},
  publisher={Institute of Mathematical Statistics}
}

@article{ramirez2004asymptotic,
  title={Asymptotic behavior of a stochastic combustion growth process},
  author={Ram{\'\i}rez, Alejandro F and Sidoravicius, Vladas},
  journal={Journal of the European Mathematical Society},
  volume={6},
  number={3},
  pages={293--334},
  year={2004}
}

@article{comets2009fluctuations,
  title={Fluctuations of the front in a one dimensional model of ${X+Y} \to 2{X}$},
  author={Comets, Francis and Quastel, Jeremy and Ram{\'\i}rez, Alejandro},
  journal={Transactions of the American Mathematical Society},
  volume={361},
  number={11},
  pages={6165--6189},
  year={2009}
}

@article{berard2010large,
  title={Large deviations of the front in a one-dimensional model of ${X+ Y\to  2X}$},
  author={B{\'e}rard, Jean and Ram{\'\i}rez, Alejandro F},
  journal={The Annals of Probability},
  volume={38},
  number={3},
  pages={955--1018},
  year={2010},
  publisher={Institute of Mathematical Statistics}
}

@incollection{kesten2012asymptotic,
  title={Asymptotic shape and propagation of fronts for growth models in dynamic random environment},
  author={Kesten, Harry and Ram{\i}rez, Alejandro F and Sidoravicius, Vladas},
  booktitle={Probability in Complex Physical Systems},
  pages={195--223},
  year={2012},
  publisher={Springer}
}

@article{comets1998one,
  title={One-dimensional branching random walk in a random environment: a classification},
  author={Comets, Francis M and Menschikov, Mikhail and Popov, S Yu},
  journal={Markov Processes and Related Fields},
  volume={4},
  number={4},
  pages={465--477},
  year={1998}
}

@inproceedings{karpelevich1994boundedness,
  title={The boundedness of branching {M}arkov processes},
  author={Karpelevich, FI and Kelbert, M Ya and Suhov, Yu M},
  booktitle={The Dynkin Festschrift: Markov Processes and their Applications},
  year={1994},
  publisher={Boston, Birkhauser},
  series={Progress in Probability},
  pages={143--152},
  volume={34}
}

@article{menshikov1997branching,
  title={Branching Markov chains: qualitative characteristics},
  author={Menshikov, Mikhail V and Volkov, Stanislav E},
  journal={Markov Processes and Related Fields},
  volume={3},
  number={2},
  pages={225--241},
  year={1997}
}

@manual{sagemath,
  Key          = {SageMath},
  Author       = {{The Sage Developers}},
  Title        = {{S}ageMath, the {S}age {M}athematics {S}oftware {S}ystem ({V}ersion 9.6)},
  note         = {{\tt https://www.sagemath.org}},
  Year         = {2023},
}